<?xml version="1.0" encoding="UTF-8"?><collection xmlns="http://www.loc.gov/MARC21/slim"><record><leader>00547nam--2200193-i-4500</leader><controlfield tag="001">000026608</controlfield><controlfield tag="002">20161230</controlfield><controlfield tag="005">20161230201036</controlfield><controlfield tag="008">060222s1000------------r-----000-0-fre-d</controlfield><datafield ind1=" " ind2=" " tag="040"><subfield code="a">IFIN-HH</subfield></datafield><datafield ind1=" " ind2=" " tag="041"><subfield code="a">fre</subfield></datafield><datafield ind1=" " ind2=" " tag="080"><subfield code="a">539.1(091/92)</subfield></datafield><datafield ind1="1" ind2=" " tag="100"><subfield code="a">Kedrov, F</subfield></datafield><datafield ind1="1" ind2="0" tag="245"><subfield code="a">Six physiciens a la decouverte de l`atome</subfield><subfield code="b">Traduit du russe par i. sokolov</subfield><subfield code="c">F. kedrov</subfield></datafield><datafield ind1=" " ind2=" " tag="260"><subfield code="a">Moscou</subfield><subfield code="b">Editions Mir</subfield><subfield code="c">1979</subfield></datafield><datafield ind1=" " ind2=" " tag="300"><subfield code="a">271P</subfield></datafield><datafield ind1=" " ind2=" " tag="500"><subfield code="a">Titlul Original In Limba Rusa: Tepaia Reaktia Idei</subfield></datafield><datafield ind1=" " ind2=" " tag="852"><subfield code="a">48803</subfield><subfield code="c">539</subfield></datafield><datafield ind1=" " ind2=" " tag="CAT"><subfield code="a">Sys</subfield><subfield code="c">20111012</subfield><subfield code="h">132413</subfield></datafield></record></collection>